@article{beirao2013basic,
  title={Basic principles of Virtual Element Methods},
  author={Beir{\~a}o da Veiga, Louren{\c{c}}o and Brezzi, Franco and Cangiani, Andrea and Manzini, Gianmarco and Marini, Luca D. and Russo, Alessandro},
  journal={Mathematical Models and Methods in Applied Sciences},
  volume={23},
  number={01},
  pages={199--214},
  year={2013},
  publisher={World Scientific Publishing Company},
  doi={10.1142/S0218202512500492}
}

@article{beirao2014hitchhiker,
  title={The Hitchhikerâ€™s Guide to the Virtual Element Method},
  author={Beir{\~a}o da Veiga, Louren{\c{c}}o and Brezzi, Franco and Marini, Luca D. and Russo, Alessandro},
  journal={Mathematical Models and Methods in Applied Sciences},
  volume={24},
  number={08},
  pages={1541--1573},
  year={2014},
  publisher={World Scientific Publishing Company},
  doi={10.1142/S021820251440003X}
}

@article{sutton2017virtual,
  title={The virtual element method in 50 lines of MATLAB},
  author={Sutton, Oliver J.},
  journal={Numerical Algorithms},
  volume={75},
  pages={1141--1159},
  year={2017},
  publisher={Springer},
  doi={10.1007/s11075-016-0235-3}
}