@article{beirao2013basic,
  title={Basic principles of Virtual Element Methods},
  author={Beir{\~a}o da Veiga, Louren{\c{c}}o and Brezzi, Franco and Cangiani, Andrea and Manzini, Gianmarco and Marini, Luca D. and Russo, Alessandro},
  journal={Mathematical Models and Methods in Applied Sciences},
  volume={23},
  number={01},
  pages={199--214},
  year={2013},
  publisher={World Scientific Publishing Company},
  doi={10.1142/S0218202512500492}
}

@article{beirao2014hitchhiker,
  title={The Hitchhikerâ€™s Guide to the Virtual Element Method},
  author={Beir{\~a}o da Veiga, Louren{\c{c}}o and Brezzi, Franco and Marini, Luca D. and Russo, Alessandro},
  journal={Mathematical Models and Methods in Applied Sciences},
  volume={24},
  number={08},
  pages={1541--1573},
  year={2014},
  publisher={World Scientific Publishing Company},
  doi={10.1142/S021820251440003X}
}

@article{sutton2017virtual,
  title={The virtual element method in 50 lines of MATLAB},
  author={Sutton, Oliver J.},
  journal={Numerical Algorithms},
  volume={75},
  pages={1141--1159},
  year={2017},
  publisher={Springer},
  doi={10.1007/s11075-016-0235-3}
}

@book{brezis_functional_analysis,
  title     = {Functional Analysis, Sobolev Spaces and Partial Differential Equations},
  author    = {Haim Brezis},
  year      = {2010},
  publisher = {Springer},
  address   = {New York},
  isbn      = {978-0387709130},
  page = {278}
  series    = {Universitext},
}


@article{LaxMilgram1955,
  author    = {P. D. Lax and A. N. Milgram},
  title     = {Parabolic Equations},
  journal   = {Contributions to the Theory of Partial Differential Equations},
  publisher = {Princeton University Press},
  address   = {Princeton},
  pages     = {167--190},
  year      = {1955},
  doi       = {10.1515/9781400882182-010},
  isbn      = {9781400882182},
  url       = {https://doi.org/10.1515/9781400882182-010},
  lastchecked = {2024-09-29}
}

@misc{Bezanson2012Julia,
  author       = {Jeff Bezanson and Stefan Karpinski and Viral B. Shah and Alan Edelman},
  title        = {Julia: A Fast Dynamic Language for Technical Computing},
  year         = {2012},
  howpublished = {arXiv},
  note         = {arXiv:1209.5145},
  url          = {https://arxiv.org/abs/1209.5145},
  eprint       = {1209.5145},
  archivePrefix = {arXiv},
  primaryClass = {cs.PL}
}
